<record xmlns="http://www.loc.gov/MARC21/slim" xmlns:xsi="http://www.w3.org/2001/XMLSchema-instance" xsi:schemaLocation="http://www.loc.gov/MARC21/slim http://www.loc.gov/standards/marcxml/schema/MARC21slim.xsd"><leader>00537cz   2200133n  4500</leader><controlfield tag="001">oca04075055 </controlfield><controlfield tag="005">20010503162516.0</controlfield><controlfield tag="008">960507n| acannaab           |a aaa     c</controlfield><datafield ind1=" " ind2=" " tag="010"><subfield code="a">nr 96017347 </subfield></datafield><datafield ind1=" " ind2=" " tag="040"><subfield code="a">NjP</subfield><subfield code="c">NjP</subfield><subfield code="d">DLC</subfield></datafield><datafield ind1="1" ind2=" " tag="100"><subfield code="a">Severianus, Julius,</subfield><subfield code="d">4th cent.</subfield></datafield><datafield ind1="1" ind2=" " tag="400"><subfield code="a">Severiano, Giulio,</subfield><subfield code="d">4th cent.</subfield></datafield><datafield ind1=" " ind2=" " tag="670"><subfield code="a">Praecepta artis rhetoricae, 1995:</subfield><subfield code="b">t.p. (Julii Severiani) p. 9 (Giulio Severiano; second rank latin rhetorician) p. 54 (believed to be writing late 4th century)</subfield></datafield><datafield ind1=" " ind2=" " tag="675"><subfield code="a">Harper's. dict. of class. lit.;</subfield><subfield code="a">Greek and Lat. aut., 1980</subfield></datafield></record>